@book{national2000inquiry,
  title={Inquiry and the national science education standards: A guide for teaching and learning},
  author={National Research Council and others},
  year={2000},
  publisher={National Academies Press}
}

@book{eisenberg1990information,
  title={Information problem solving: The big six skills approach to library \& information skills instruction.},
  author={Eisenberg, Michael B and Berkowitz, Robert E},
  year={1990},
  publisher={ERIC}
}

@article{quintana2005framework,
  title={A framework for supporting metacognitive aspects of online inquiry through software-based scaffolding},
  author={Quintana, Chris and Zhang, Meilan and Krajcik, Joseph},
  journal={Educational Psychologist},
  volume={40},
  number={4},
  pages={235--244},
  year={2005},
  publisher={Taylor \& Francis}
}

@article{american2000information,
  title={Information literacy competency standards for higher education},
  author={American Library Association and others},
  year={2000}
}

@article{tseng2009meta,
  title={Meta-analyzer: A web-based learning environment for analyzing student information searching behaviors},
  author={Tseng, Judy CR and Hwang, Gwo-Jen and Tsai, Pei-Shan and Tsai, Chin-Chung and others},
  journal={International Journal of Innovative Computing, Information and Control},
  volume={5},
  number={3},
  pages={567--579},
  year={2009}
}

@article{romero2010educational,
  title={Educational data mining: A review of the state of the art},
  author={Romero, Crist{\'o}bal and Ventura, Sebasti{\'a}n},
  journal={IEEE Transactions on Systems, Man, and Cybernetics, Part C (Applications and Reviews)},
  volume={40},
  number={6},
  pages={601--618},
  year={2010},
  publisher={IEEE}
}

@article{pandey2013decision,
  title={A decision tree algorithm pertaining to the student performance analysis and prediction},
  author={Pandey, Mrinal and Sharma, Vivek Kumar},
  journal={International Journal of Computer Applications},
  volume={61},
  number={13},
  year={2013},
  publisher={Foundation of Computer Science}
}

@inproceedings{merceron2005educational,
  title={Educational data mining: A case study},
  author={Merceron, Agathe and Yacef, Kalina},
  booktitle={AIED},
  pages={467--474},
  year={2005}
}

@article{kumar2015comprehensive,
  title={A comprehensive study of educational data mining},
  author={Kumar, Jasvinder},
  journal={International Journal of Electrical Electronics \& Computer Science Engineering Special Issue-TeLMISR 2015},
  year={2015}
}

@article{sarala2015empirical,
  title={Empirical study Of data mining techniques in education system},
  author={Sarala, V and Krishnaiah, J},
  journal={International Journal of Advances in Computer Science and Technology (IJACST)},
  pages={15--21},
  year={2015}
}

@article{dutt2015clustering,
  title={Clustering algorithms applied in educational data mining},
  author={Dutt, Ashish and Aghabozrgi, Saeed and Ismail, Maizatul Akmal Binti and Mahroeian, Hamidreza},
  journal={International Journal of Information and Electronics Engineering},
  volume={5},
  number={2},
  pages={112},
  year={2015},
  publisher={IACSIT Press}
}

@article{akinola2012data,
  title={A data mining model for predicting computer programming proficiency of computer science undergraduate students},
  author={Akinola, OS and Akinkunmi, BO and Alo, TS},
  year={2012},
  publisher={Citeseer}
}

@inproceedings{lahtinen2005study,
  title={A study of the difficulties of novice programmers},
  author={Lahtinen, Essi and Ala-Mutka, Kirsti and J{\"a}rvinen, Hannu-Matti},
  booktitle={ACM Sigcse Bulletin},
  volume={37},
  number={3},
  pages={14--18},
  year={2005},
  organization={ACM}
}

@article{borkar2014attributes,
  title={Attributes selection for predicting student's academic performance using education data mining and artificial neural network},
  author={Borkar, Suchita and Rajeswari, K},
  journal={International Journal of Computer Applications},
  volume={86},
  number={10},
  year={2014},
  publisher={Foundation of Computer Science}
}

@article{jayakameswaraiah2014study,
  title={A study on prediction performance of some data mining algorithms},
  author={Jayakameswaraiah, M and Ramakrishna, S},
  journal={International Journal},
  volume={2},
  number={10},
  year={2014}
}

@article{abdullah2014students,
  title={Student's performance prediction system using multi agent data mining technique},
  author={Abdullah, AL and Malibari, Areej and Alkhozae, Mona},
  journal={International Journal of Data Mining \& Knowledge Management Process},
  volume={4},
  number={5},
  pages={1},
  year={2014},
  publisher={Academy \& Industry Research Collaboration Center (AIRCC)}
}

@article{oskouei2014predicting,
  title={Predicting academic performance with applying data mining techniques (generalizing the results of two different case studies)},
  author={Oskouei, Rozita Jamili and Askari, Mohsen},
  journal={Computer Engineering and Applications Journal},
  volume={3},
  number={2},
  pages={79--88},
  year={2014}
}

@article{borkar2013predicting,
  title={Predicting student's academic performance using education data mining},
  author={Borkar, Suchita and Rajeswari, K},
  journal={International Journal of Computer Science and Mobile Computing (IJCSMC)},
  volume={2},
  number={7},
  pages={273--279},
  year={2013}
}

@article{shazmeen2013performance,
  title={Performance evaluation of different data mining classification algorithm and predictive analysis},
  author={Shazmeen, Syeda Farha and Baig, Mirza Mustafa Ali and Pawar, M Reena},
  journal={IOSR Journal of Computer Engineering},
  volume={10},
  number={6},
  pages={01--06},
  year={2013}
}

@article{marquez2013predicting,
  title={Predicting student failure at school using genetic programming and different data mining approaches with high dimensional and imbalanced data},
  author={M{\'a}rquez-Vera, Carlos and Cano, Alberto and Romero, Crist{\'o}bal and Ventura, Sebasti{\'a}n},
  journal={Applied intelligence},
  volume={38},
  number={3},
  pages={315--330},
  year={2013},
  publisher={Springer}
}

@article{baker2010data,
  title={Data mining for education},
  author={Baker, RSJD and others},
  journal={International encyclopedia of education},
  volume={7},
  number={3},
  pages={112--118},
  year={2010},
  publisher={Oxford, UK: Elsevier}
}

@article{shahiri2015review,
  title={A review on predicting student's performance using data mining techniques},
  author={Shahiri, Amirah Mohamed and Husain, Wahidah and others},
  journal={Procedia Computer Science},
  volume={72},
  pages={414--422},
  year={2015},
  publisher={Elsevier}
}

@article{marzal2015diagnostico,
  title={Diagn{\'o}stico del estado de la alfabetizaci{\'o}n en informaci{\'o}n (ALFIN) en las universidades chilenas},
  author={Marzal, Miguel {\'A}ngel and Saurina, Elvira},
  journal={Perspectivas em Ci{\^e}ncia da Informa{\c{c}}{\~a}o},
  volume={20},
  number={2},
  pages={58--78},
  year={2015}
}

@book{bichsel2012analytics,
  title={Analytics in higher education: Benefits, barriers, progress, and recommendations},
  author={Bichsel, Jacqueline},
  year={2012},
  publisher={EDUCAUSE Center for Applied Research}
}

@article{morris2005predicting,
  title={Predicting retention in online general education courses},
  author={Morris, Libby V and Wu, Sz-Shyan and Finnegan, Catherine L},
  journal={The American Journal of Distance Education},
  volume={19},
  number={1},
  pages={23--36},
  year={2005},
  publisher={Taylor \& Francis}
}

@article{baepler2010academic,
  title={Academic analytics and data mining in higher education},
  author={Baepler, Paul and Murdoch, Cynthia James},
  journal={International Journal for the Scholarship of Teaching and Learning},
  volume={4},
  number={2},
  pages={17},
  year={2010}
}

@article{koedinger2015data,
  title={Data mining and education},
  author={Koedinger, Kenneth R and D'Mello, Sidney and McLaughlin, Elizabeth A and Pardos, Zachary A and Ros{\'e}, Carolyn P},
  journal={Wiley Interdisciplinary Reviews: Cognitive Science},
  volume={6},
  number={4},
  pages={333--353},
  year={2015},
  publisher={Wiley Online Library}
}

@article{urra2016alfabetizacion,
  title={Alfabetizaci{\'o}n en informaci{\'o}n: Estudio de su impacto en estudiantes de {\'u}ltimo a{\~n}o del pregrado de las facultades de educaci{\'o}n y ciencias naturales y exactas en la Universidad de Playa Ancha de Ciencias de la Educaci{\'o}n},
  author={Urra, Mag Cristi{\'a}n Valenzuela and Castro, Sergio Oliveros},
  year={2016},
  pages={20--40}
}

@article{saeed2013comparing,
  title={Comparing and evaluating open source elearning platforms},
  author={Saeed, Fakhreldeen Abbas},
  journal={International Journal of Soft Computing and Engineering (IJSCE)},
  pages={2231--2307},
  year={2013}
}

@article{hannay2010effects,
  title={Effects of personality on pair programming},
  author={Hannay, Jo E and Arisholm, Erik and Engvik, Harald and Sjoberg, Dag IK},
  journal={IEEE Transactions on Software Engineering},
  volume={36},
  number={1},
  pages={61--80},
  year={2010},
  publisher={IEEE}
}

@book{martin1991rapid,
  title={Rapid application development},
  author={Martin, James},
  year={1991},
  publisher={Macmillan Publishing Co., Inc.}
}

@book{mcconnell1996rapid,
  title={Rapid development: Taming wild software schedules},
  author={McConnell, Steve},
  year={1996},
  publisher={Pearson Education}
}

@article{fayyad1996data,
  title={From data mining to knowledge discovery in databases},
  author={Fayyad, Usama and Piatetsky-Shapiro, Gregory and Smyth, Padhraic},
  journal={AI magazine},
  volume={17},
  number={3},
  pages={37},
  year={1996}
}

@inproceedings{sukhija2015recent,
  title={The recent state of educational data mining: A survey and future visions},
  author={Sukhija, Karan and Jindal, Manish and Aggarwal, Naveen},
  booktitle={MOOCs, Innovation and Technology in Education (MITE), 2015 IEEE 3rd International Conference on},
  pages={354--359},
  year={2015},
  organization={IEEE}
}

@inproceedings{anoopkumar2016review,
  title={A review on data mining techniques and factors used in educational data mining to predict student amelioration},
  author={Anoopkumar, M and Rahman, AMJ Md Zubair},
  booktitle={Data Mining and Advanced Computing (SAPIENCE), International Conference on},
  pages={122--133},
  year={2016},
  organization={IEEE}
}

@article{dutt2017systematic,
  title={A systematic review on educational data mining},
  author={Dutt, Ashish and Ismail, Maizatul Akmar and Herawan, Tutut},
  journal={IEEE Access},
  year={2017},
  publisher={IEEE}
}

@article{weiner2014teaches,
  title={Who teaches information literacy competencies? Report of a study of faculty},
  author={Weiner, Sharon A},
  journal={College Teaching},
  volume={62},
  number={1},
  pages={5--12},
  year={2014},
  publisher={Taylor \& Francis}
}

@article{smith2013information,
  title={Information literacy proficiency: Assessing the gap in high school students' readiness for undergraduate academic work},
  author={Smith, Jorden K and Given, Lisa M and Julien, Heidi and Ouellette, Dana and DeLong, Kathleen},
  journal={Library \& Information Science Research},
  volume={35},
  number={2},
  pages={88--96},
  year={2013},
  publisher={Elsevier}
}

@book{witten2016data,
  title={Data mining: Practical machine learning tools and techniques},
  author={Witten, Ian H and Frank, Eibe and Hall, Mark A and Pal, Christopher J},
  year={2016},
  publisher={Morgan Kaufmann}
}

@inproceedings{sormen2017performance,
	author = {Sormunen, E. and González-Ibáñez, R. and Kiili, C. and Leppänen, P. and Mikkilä-Erdmann, M. and Erdmann, N. and Escobar-Macaya, M.},
	editor = {European Conference in Information Literacy (ECIL)},
	title = {A Performance-based Test for Assessing Students’ Online Inquiry Competences in Schools},
	date = {2017}
}

@inproceedings{gonzalez2017neurone,
	author = {González-Ibáñez, R. and Gacitua, D. and Sormunen, E. and Kiili, C.},
	editor = {To be included in Proceedings of the 80th Annual Meeting of the Association for Information Science and Technology (ASIS&T 2017)},
	title = {NEURONE: oNlinE inqUiRy experimentatiON systEm},
	date = {2017}
}

@article{luan2002data,
  title={Data mining and its applications in higher education},
  author={Luan, Jing},
  journal={New directions for institutional research},
  volume={2002},
  number={113},
  pages={17--36},
  year={2002},
  publisher={Wiley Online Library}
}

@inproceedings{mining2012enhancing,
  title={Enhancing teaching and learning through educational data mining and learning analytics: An issue brief},
  author={Mining, Through Educational Data},
  booktitle={Proceedings of conference on advanced technology for education},
  year={2012}
}

@article{head2013project,
  title={Project Information Literacy: What can be learned about the information-seeking behavior of today's college students?},
  author={Head, Alison J},
  year={2013}
}

@article{adam2016student,
  title={Student perspectives on plagiarism},
  author={Adam, Lee},
  journal={Handbook of Academic Integrity},
  pages={519--535},
  year={2016},
  publisher={Springer}
}

@article{kalpana2014intellectual,
  title={Intellectual Performance Analysis of Students by Using Data Mining Techniques},
  author={Kalpana, JK Jothi and Venkatalakshmi, K},
  journal={International Journal of Innovative Research in Science, Engineering and Technology},
  volume={3},
  pages={1922--1929},
  year={2014}
}

@article{suyal2014quality,
  title={Quality improvisation of student performance using data mining techniques},
  author={Suyal, Sayali Rajesh and Mohod, Mohini Mukund},
  journal={International Journal of Scientific and Research Publications},
  volume={4},
  number={4},
  year={2014}
}

@article{chen2008integrated,
  title={An integrated approach for modeling learning patterns of students in web-based instruction: A cognitive style perspective},
  author={Chen, Sherry Y and Liu, Xiaohui},
  journal={ACM Transactions on Computer-Human Interaction (TOCHI)},
  volume={15},
  number={1},
  pages={1},
  year={2008},
  publisher={ACM}
}

@inproceedings{moreno2009data,
  title={Data analysis as a tool for optimizing learning management systems},
  author={Moreno-Clari, Paloma and Arevalillo-Herraez, Miguel and Cerveron-Lleo, Vicente},
  booktitle={Advanced Learning Technologies, 2009. ICALT 2009. Ninth IEEE International Conference on},
  pages={242--246},
  year={2009},
  organization={IEEE}
}

@article{kelly2009methods,
  title={Methods for evaluating interactive information retrieval systems with users},
  author={Kelly, Diane and others},
  journal={Foundations and Trends in Information Retrieval},
  volume={3},
  number={1--2},
  pages={1--224},
  year={2009}
}

@article{carroll1997human,
  title={Human-computer interaction: psychology as a science of design},
  author={Carroll, John M},
  journal={Annual review of psychology},
  volume={48},
  number={1},
  pages={61--83},
  year={1997}
}

@article{ricardo2011modern,
  title={Modern Information Retrieval: the concepts and technology behind search second edition},
  author={Ricardo, BY and Berthier, RN},
  journal={Addision Wesley},
  volume={84},
  number={2},
  year={2011}
}

@article {marchionini2006,
author={Marchionini, Gary},
title={Toward human-computer information retrieval},
journal={Bulletin of the American Society for Information Science and Technology},
volume={32},
number={5},
pages={20--22},
year={2006}
}

@article {Shah2016,
author = {Shah, Chirag and Hendahewa, Chathra and González-Ibáñez, Roberto},
title = {Rain or shine? Forecasting search process performance in exploratory search tasks},
journal = {Journal of the Association for Information Science and Technology},
volume = {67},
number = {7},
pages = {1607--1623},
year = {2016},
}

@article {rgonzalez2012,
author = {González-Ibáñez, Roberto and Shah, Chirag and White, Ryen W.},
title = {Pseudo-collaboration as a method to perform selective algorithmic mediation in collaborative IR systems},
journal = {Proceedings of the American Society for Information Science and Technology},
volume = {49},
number = {1},
pages = {1--4},
year = {2012},
}

@article {rgonzalez2015,
author = {González-Ibáñez, Roberto and Shah, Chirag and White, Ryen W.},
title = {Capturing Collabportunities: A method to evaluate collaboration opportunities in information search using pseudocollaboration},
journal = {Journal of the Association for Information Science and Technology},
volume = {66},
number = {9},
pages = {1897--1912},
year = {2015},
}

@inproceedings{hassan2013beyond,
  title={Beyond clicks: query reformulation as a predictor of search satisfaction},
  author={Hassan, Ahmed and Shi, Xiaolin and Craswell, Nick and Ramsey, Bill},
  booktitle={Proceedings of the 22nd ACM international conference on Conference on information \& knowledge management},
  pages={2019--2028},
  year={2013},
  organization={ACM}
}

@article{henrie2015measuring,
  title={Measuring student engagement in technology-mediated learning: A review},
  author={Henrie, Curtis R and Halverson, Lisa R and Graham, Charles R},
  journal={Computers \& Education},
  volume={90},
  pages={36--53},
  year={2015},
}
@article{powers2011evaluation,
  title={Evaluation: from precision, recall and F-measure to ROC, informedness, markedness and correlation},
  author={Powers, David Martin},
  year={2011}
}

@article{marzal2015diagnostico,
  title={Diagn{\'o}stico del estado de la alfabetizaci{\'o}n en informaci{\'o}n (ALFIN) en las universidades chilenas},
  author={Marzal, Miguel {\'A}ngel and Saurina, Elvira},
  journal={Perspectivas em Ci{\^e}ncia da Informa{\c{c}}{\~a}o},
  volume={20},
  number={2},
  pages={58--78},
  year={2015}
}

@article{henrie2015measuring,
  title={Measuring student engagement in technology-mediated learning: A review},
  author={Henrie, Curtis R and Halverson, Lisa R and Graham, Charles R},
  journal={Computers \& Education},
  volume={90},
  pages={36--53},
  year={2015},
  publisher={Elsevier}
}

@article {PISA,
author = "OECD",
title = "Using Log-File Data to Understand What Drives Performance in PISA (Case Study)",
doi = "http://dx.doi.org/10.1787/9789264239555-10-en",
year={2015},
publisher = "OECD Publishing"
}

@book{antunes2010anticipating,
  title={Anticipating student’s failure as soon as possible},
  author={Antunes, Cl{\'a}udia},
  year={2010},
  publisher={Chapman \& Hall/CRC Press, New York, NY}
}

@inproceedings{kumar2016predicting,
  title={Predicting Students’ Performance Using Classification Techniques in Data Mining},
  author={Kumar, Mukesh and others},
  booktitle={International Journal of Technology and Computing (IJTC)},
  volume={2},
  number={10 (October, 2016)},
  year={2016},
  organization={Techlive Solutions}
}

@article{shamsi2016comparative,
  title={A Comparative Analysis of classification data mining techniques: Deriving key factors useful for predicting students performance},
  author={Shamsi, Muhammed Salman and Lakshmi, Jhansi},
  journal={arXiv preprint arXiv:1606.05735},
  year={2016}
}

@article{hwang2008novel,
  title={A novel approach for assisting teachers in analyzing student web-searching behaviors},
  author={Hwang, Gwo-Jen and Tsai, Pei-Shan and Tsai, Chin-Chung and Tseng, Judy CR},
  journal={Computers \& Education},
  volume={51},
  number={2},
  pages={926--938},
  year={2008},
  publisher={Elsevier}
}

@article{tu2008eighth,
  title={Eighth graders’ web searching strategies and outcomes: The role of task types, web experiences and epistemological beliefs},
  author={Tu, Yi-Wen and Shih, Meilun and Tsai, Chin-Chung},
  journal={Computers \& Education},
  volume={51},
  number={3},
  pages={1142--1153},
  year={2008},
  publisher={Elsevier}
}