
@article{saeed2013comparing,
  title={Comparing and evaluating open source elearning platforms},
  author={Saeed, Fakhreldeen Abbas},
  journal={International Journal of Soft Computing and Engineering (IJSCE)},
  pages={2231--2307},
  year={2013}
}

@article{dutt2015clustering,
  title={Clustering algorithms applied in educational data mining},
  author={Dutt, Ashish and Aghabozrgi, Saeed and Ismail, Maizatul Akmal Binti and Mahroeian, Hamidreza},
  journal={International Journal of Information and Electronics Engineering},
  volume={5},
  number={2},
  pages={112},
  year={2015},
  publisher={IACSIT Press}
}

@article{hannay2010effects,
  title={Effects of personality on pair programming},
  author={Hannay, Jo E and Arisholm, Erik and Engvik, Harald and Sjoberg, Dag IK},
  journal={IEEE Transactions on Software Engineering},
  volume={36},
  number={1},
  pages={61--80},
  year={2010},
  publisher={IEEE}
}

@article{akinola2012data,
  title={A data mining model for predicting computer programming proficiency of computer science undergraduate students},
  author={Akinola, OS and Akinkunmi, BO and Alo, TS},
  year={2012},
  publisher={Citeseer}
}

@inproceedings{lahtinen2005study,
  title={A study of the difficulties of novice programmers},
  author={Lahtinen, Essi and Ala-Mutka, Kirsti and J{\"a}rvinen, Hannu-Matti},
  booktitle={Acm Sigcse Bulletin},
  volume={37},
  number={3},
  pages={14--18},
  year={2005},
  organization={ACM}
}

@article{borkar2014attributes,
  title={Attributes selection for predicting student's academic performance using education data mining and artificial neural network},
  author={Borkar, Suchita and Rajeswari, K},
  journal={International Journal of Computer Applications},
  volume={86},
  number={10},
  year={2014},
  publisher={Foundation of Computer Science}
}

@article{jayakameswaraiah2014study,
  title={A study on prediction performance of some data mining algorithms},
  author={Jayakameswaraiah, M and Ramakrishna, S},
  journal={International Journal},
  volume={2},
  number={10},
  year={2014}
}

@article{abdullah2014students,
  title={Student's performance prediction system using multi agent data mining technique},
  author={Abdullah, AL and Malibari, Areej and Alkhozae, Mona},
  journal={International Journal of Data Mining \& Knowledge Management Process},
  volume={4},
  number={5},
  pages={1},
  year={2014},
  publisher={Academy \& Industry Research Collaboration Center (AIRCC)}
}

@article{oskouei2014predicting,
  title={Predicting academic performance with applying data mining techniques (generalizing the results of two different case studies)},
  author={Oskouei, Rozita Jamili and Askari, Mohsen},
  journal={Computer Engineering and Applications Journal},
  volume={3},
  number={2},
  pages={79--88},
  year={2014}
}

@article{borkar2013predicting,
  title={Predicting student's academic performance using education data mining},
  author={Borkar, Suchita and Rajeswari, K},
  journal={International Journal of Computer Science and Mobile Computing (IJCSMC)},
  volume={2},
  number={7},
  pages={273--279},
  year={2013}
}

@article{shazmeen2013performance,
  title={Performance evaluation of different data mining classification algorithm and predictive analysis},
  author={Shazmeen, Syeda Farha and Baig, Mirza Mustafa Ali and Pawar, M Reena},
  journal={IOSR Journal of Computer Engineering},
  volume={10},
  number={6},
  pages={01--06},
  year={2013}
}

@article{marquez2013predicting,
  title={Predicting student failure at school using genetic programming and different data mining approaches with high dimensional and imbalanced data},
  author={M{\'a}rquez-Vera, Carlos and Cano, Alberto and Romero, Crist{\'o}bal and Ventura, Sebasti{\'a}n},
  journal={Applied intelligence},
  volume={38},
  number={3},
  pages={315--330},
  year={2013},
  publisher={Springer}
}

@article{romero2010educational,
  title={Educational data mining: a review of the state of the art},
  author={Romero, Crist{\'o}bal and Ventura, Sebasti{\'a}n},
  journal={IEEE Transactions on Systems, Man, and Cybernetics, Part C (Applications and Reviews)},
  volume={40},
  number={6},
  pages={601--618},
  year={2010},
  publisher={Ieee}
}

@article{baker2010data,
  title={Data mining for education},
  author={Baker, RSJD and others},
  journal={International encyclopedia of education},
  volume={7},
  number={3},
  pages={112--118},
  year={2010},
  publisher={Oxford, UK: Elsevier}
}

@book{martin1991rapid,
  title={Rapid application development},
  author={Martin, James},
  year={1991},
  publisher={Macmillan Publishing Co., Inc.}
}

@book{mcconnell1996rapid,
  title={Rapid development: Taming wild software schedules},
  author={McConnell, Steve},
  year={1996},
  publisher={Pearson Education}
}

@article{fayyad1996data,
  title={From data mining to knowledge discovery in databases},
  author={Fayyad, Usama and Piatetsky-Shapiro, Gregory and Smyth, Padhraic},
  journal={AI magazine},
  volume={17},
  number={3},
  pages={37},
  year={1996}
}

@article{shahiri2015review,
  title={A review on predicting student's performance using data mining techniques},
  author={Shahiri, Amirah Mohamed and Husain, Wahidah and others},
  journal={Procedia Computer Science},
  volume={72},
  pages={414--422},
  year={2015},
  publisher={Elsevier}
}

@inproceedings{sukhija2015recent,
  title={The recent state of educational data mining: A survey and future visions},
  author={Sukhija, Karan and Jindal, Manish and Aggarwal, Naveen},
  booktitle={MOOCs, Innovation and Technology in Education (MITE), 2015 IEEE 3rd International Conference on},
  pages={354--359},
  year={2015},
  organization={IEEE}
}

@inproceedings{anoopkumar2016review,
  title={A review on data mining techniques and factors used in educational data mining to predict student amelioration},
  author={Anoopkumar, M and Rahman, AMJ Md Zubair},
  booktitle={Data Mining and Advanced Computing (SAPIENCE), International Conference on},
  pages={122--133},
  year={2016},
  organization={IEEE}
}

@article{dutt2017systematic,
  title={A systematic review on educational data mining},
  author={Dutt, Ashish and Ismail, Maizatul Akmar and Herawan, Tutut},
  journal={IEEE Access},
  year={2017},
  publisher={IEEE}
}

@article{urra2016alfabetizacion,
  title={Alfabetizaci{\'o}n en informaci{\'o}n: Estudio de su impacto en estudiantes de {\'u}ltimo a{\~n}o del pregrado de las facultades de educaci{\'o}n y ciencias naturales y exactas en la Universidad de Playa Ancha de Ciencias de la Educaci{\'o}n},
  author={Urra, Mag Cristi{\'a}n Valenzuela and Castro, Sergio Oliveros},
  year={2016},
  pages{20--40},
}

@article{weiner2014teaches,
  title={Who teaches information literacy competencies? Report of a study of faculty},
  author={Weiner, Sharon A},
  journal={College Teaching},
  volume={62},
  number={1},
  pages={5--12},
  year={2014},
  publisher={Taylor \& Francis}
}

@article{smith2013information,
  title={Information literacy proficiency: Assessing the gap in high school students' readiness for undergraduate academic work},
  author={Smith, Jorden K and Given, Lisa M and Julien, Heidi and Ouellette, Dana and DeLong, Kathleen},
  journal={Library \& Information Science Research},
  volume={35},
  number={2},
  pages={88--96},
  year={2013},
  publisher={Elsevier}
}

@article{marzal2015diagnostico,
  title={Diagn{\'o}stico del estado de la alfabetizaci{\'o}n en informaci{\'o}n (ALFIN) en las universidades chilenas},
  author={Marzal, Miguel {\'A}ngel and Saurina, Elvira},
  journal={Perspectivas em Ci{\^e}ncia da Informa{\c{c}}{\~a}o},
  volume={20},
  number={2},
  pages={58--78},
  year={2015}
}

@book{witten2016data,
  title={Data mining: Practical machine learning tools and techniques},
  author={Witten, Ian H and Frank, Eibe and Hall, Mark A and Pal, Christopher J},
  year={2016},
  publisher={Morgan Kaufmann}
}

@book{bichsel2012analytics,
  title={Analytics in higher education: Benefits, barriers, progress, and recommendations},
  author={Bichsel, Jacqueline},
  year={2012},
  publisher={EDUCAUSE Center for Applied Research}
}

@article{morris2005predicting,
  title={Predicting retention in online general education courses},
  author={Morris, Libby V and Wu, Sz-Shyan and Finnegan, Catherine L},
  journal={The American Journal of Distance Education},
  volume={19},
  number={1},
  pages={23--36},
  year={2005},
  publisher={Taylor \& Francis}
}

@article{baepler2010academic,
  title={Academic analytics and data mining in higher education},
  author={Baepler, Paul and Murdoch, Cynthia James},
  journal={International Journal for the Scholarship of Teaching and Learning},
  volume={4},
  number={2},
  pages={17},
  year={2010}
}

@article{koedinger2015data,
  title={Data mining and education},
  author={Koedinger, Kenneth R and D'Mello, Sidney and McLaughlin, Elizabeth A and Pardos, Zachary A and Ros{\'e}, Carolyn P},
  journal={Wiley Interdisciplinary Reviews: Cognitive Science},
  volume={6},
  number={4},
  pages={333--353},
  year={2015},
  publisher={Wiley Online Library}
}

@inproceedings{sormen2017performance,
	author = {Sormunen, E., González-Ibáñez, R., Kiili, C., Leppänen, P., Mikkilä-Erdmann, M., Erdmann, N., Escobar-Macaya, M.},
	editor = {European Conference in Information Literacy (ECIL)},
	title = {A Performance-based Test for Assessing Students’ Online Inquiry Competences in Schools},
	date = {2017}
}

@inproceedings{gonzalez2017neurone,
	author = {González-Ibáñez, R., Gacitua, D., Sormunen, E., Kiili, C.},
	editor = {To be included in Proceedings of the 80th Annual Meeting of the Association for Information Science and Technology (ASIS&T 2017)},
	title = {NEURONE: oNlinE inqUiRy experimentatiON systEm},
	date = {2017}
}
