@article{american2000information,
  title={Information literacy competency standards for higher education},
  author={American Library Association and others},
  year={2000}
}

@article{tseng2009meta,
  title={Meta-analyzer: A web-based learning environment for analyzing student information searching behaviors},
  author={Tseng, Judy CR and Hwang, Gwo-Jen and Tsai, Pei-Shan and Tsai, Chin-Chung and others},
  journal={International Journal of Innovative Computing, Information and Control},
  volume={5},
  number={3},
  pages={567--579},
  year={2009}
}

@article{romero2010educational,
  title={Educational data mining: a review of the state of the art},
  author={Romero, Crist{\'o}bal and Ventura, Sebasti{\'a}n},
  journal={IEEE Transactions on Systems, Man, and Cybernetics, Part C (Applications and Reviews)},
  volume={40},
  number={6},
  pages={601--618},
  year={2010},
  publisher={IEEE}
}

@article{pandey2013decision,
  title={A decision tree algorithm pertaining to the student performance analysis and prediction},
  author={Pandey, Mrinal and Sharma, Vivek Kumar},
  journal={International Journal of Computer Applications},
  volume={61},
  number={13},
  year={2013},
  publisher={Foundation of Computer Science}
}

@inproceedings{merceron2005educational,
  title={Educational data mining: A case study},
  author={Merceron, Agathe and Yacef, Kalina},
  booktitle={AIED},
  pages={467--474},
  year={2005}
}

@article{kumar2015comprehensive,
  title={A comprehensive study of educational data mining},
  author={Kumar, Jasvinder},
  journal={International Journal of Electrical Electronics \& Computer Science Engineering Special Issue-TeLMISR 2015},
  year={2015}
}

@article{sarala2015empirical,
  title={Empirical study Of data mining techniques in education system},
  author={Sarala, V and Krishnaiah, J},
  journal={International Journal of Advances in Computer Science and Technology (IJACST)},
  pages={15--21},
  year={2015}
}

@article{dutt2015clustering,
  title={Clustering algorithms applied in educational data mining},
  author={Dutt, Ashish and Aghabozrgi, Saeed and Ismail, Maizatul Akmal Binti and Mahroeian, Hamidreza},
  journal={International Journal of Information and Electronics Engineering},
  volume={5},
  number={2},
  pages={112},
  year={2015},
  publisher={IACSIT Press}
}

@article{akinola2012data,
  title={A data mining model for predicting computer programming proficiency of computer science undergraduate students},
  author={Akinola, OS and Akinkunmi, BO and Alo, TS},
  year={2012},
  publisher={Citeseer}
}

@inproceedings{lahtinen2005study,
  title={A study of the difficulties of novice programmers},
  author={Lahtinen, Essi and Ala-Mutka, Kirsti and J{\"a}rvinen, Hannu-Matti},
  booktitle={Acm Sigcse Bulletin},
  volume={37},
  number={3},
  pages={14--18},
  year={2005},
  organization={ACM}
}

@article{borkar2014attributes,
  title={Attributes selection for predicting student's academic performance using education data mining and artificial neural network},
  author={Borkar, Suchita and Rajeswari, K},
  journal={International Journal of Computer Applications},
  volume={86},
  number={10},
  year={2014},
  publisher={Foundation of Computer Science}
}

@article{jayakameswaraiah2014study,
  title={A study on prediction performance of some data mining algorithms},
  author={Jayakameswaraiah, M and Ramakrishna, S},
  journal={International Journal},
  volume={2},
  number={10},
  year={2014}
}

@article{abdullah2014students,
  title={Student's performance prediction system using multi agent data mining technique},
  author={Abdullah, AL and Malibari, Areej and Alkhozae, Mona},
  journal={International Journal of Data Mining \& Knowledge Management Process},
  volume={4},
  number={5},
  pages={1},
  year={2014},
  publisher={Academy \& Industry Research Collaboration Center (AIRCC)}
}

@article{oskouei2014predicting,
  title={Predicting academic performance with applying data mining techniques (generalizing the results of two different case studies)},
  author={Oskouei, Rozita Jamili and Askari, Mohsen},
  journal={Computer Engineering and Applications Journal},
  volume={3},
  number={2},
  pages={79--88},
  year={2014}
}

@article{borkar2013predicting,
  title={Predicting student's academic performance using education data mining},
  author={Borkar, Suchita and Rajeswari, K},
  journal={International Journal of Computer Science and Mobile Computing (IJCSMC)},
  volume={2},
  number={7},
  pages={273--279},
  year={2013}
}

@article{shazmeen2013performance,
  title={Performance evaluation of different data mining classification algorithm and predictive analysis},
  author={Shazmeen, Syeda Farha and Baig, Mirza Mustafa Ali and Pawar, M Reena},
  journal={IOSR Journal of Computer Engineering},
  volume={10},
  number={6},
  pages={01--06},
  year={2013}
}

@article{marquez2013predicting,
  title={Predicting student failure at school using genetic programming and different data mining approaches with high dimensional and imbalanced data},
  author={M{\'a}rquez-Vera, Carlos and Cano, Alberto and Romero, Crist{\'o}bal and Ventura, Sebasti{\'a}n},
  journal={Applied intelligence},
  volume={38},
  number={3},
  pages={315--330},
  year={2013},
  publisher={Springer}
}

@article{baker2010data,
  title={Data mining for education},
  author={Baker, RSJD and others},
  journal={International encyclopedia of education},
  volume={7},
  number={3},
  pages={112--118},
  year={2010},
  publisher={Oxford, UK: Elsevier}
}

@article{shahiri2015review,
  title={A review on predicting student's performance using data mining techniques},
  author={Shahiri, Amirah Mohamed and Husain, Wahidah and others},
  journal={Procedia Computer Science},
  volume={72},
  pages={414--422},
  year={2015},
  publisher={Elsevier}
}

@article{marzal2015diagnostico,
  title={Diagn{\'o}stico del estado de la alfabetizaci{\'o}n en informaci{\'o}n (ALFIN) en las universidades chilenas},
  author={Marzal, Miguel {\'A}ngel and Saurina, Elvira},
  journal={Perspectivas em Ci{\^e}ncia da Informa{\c{c}}{\~a}o},
  volume={20},
  number={2},
  pages={58--78},
  year={2015}
}

@book{bichsel2012analytics,
  title={Analytics in higher education: Benefits, barriers, progress, and recommendations},
  author={Bichsel, Jacqueline},
  year={2012},
  publisher={EDUCAUSE Center for Applied Research}
}

@article{morris2005predicting,
  title={Predicting retention in online general education courses},
  author={Morris, Libby V and Wu, Sz-Shyan and Finnegan, Catherine L},
  journal={The American Journal of Distance Education},
  volume={19},
  number={1},
  pages={23--36},
  year={2005},
  publisher={Taylor \& Francis}
}

@article{baepler2010academic,
  title={Academic analytics and data mining in higher education},
  author={Baepler, Paul and Murdoch, Cynthia James},
  journal={International Journal for the Scholarship of Teaching and Learning},
  volume={4},
  number={2},
  pages={17},
  year={2010}
}

@article{koedinger2015data,
  title={Data mining and education},
  author={Koedinger, Kenneth R and D'Mello, Sidney and McLaughlin, Elizabeth A and Pardos, Zachary A and Ros{\'e}, Carolyn P},
  journal={Wiley Interdisciplinary Reviews: Cognitive Science},
  volume={6},
  number={4},
  pages={333--353},
  year={2015},
  publisher={Wiley Online Library}
}

@article{dutt2015clustering,
  title={Clustering algorithms applied in educational data mining},
  author={Dutt, Ashish and Aghabozrgi, Saeed and Ismail, Maizatul Akmal Binti and Mahroeian, Hamidreza},
  journal={International Journal of Information and Electronics Engineering},
  volume={5},
  number={2},
  pages={112},
  year={2015},
  publisher={IACSIT Press}
}


@inproceedings{sormen2017performance,
	author = {Sormunen, E. and González-Ibáñez, R. and Kiili, C. and Leppänen, P. and Mikkilä-Erdmann, M. and Erdmann, N. and Escobar-Macaya, M.},
	editor = {European Conference in Information Literacy (ECIL)},
	title = {A Performance-based Test for Assessing Students’ Online Inquiry Competences in Schools},
	date = {2017}
}

@inproceedings{gonzalez2017neurone,
	author = {González-Ibáñez, R. and Gacitua, D. and Sormunen, E. and Kiili, C.},
	editor = {To be included in Proceedings of the 80th Annual Meeting of the Association for Information Science and Technology (ASIS&T 2017)},
	title = {NEURONE: oNlinE inqUiRy experimentatiON systEm},
	date = {2017}
}


